<?xml version="1.0" encoding="UTF-8"?><collection xmlns="http://www.loc.gov/MARC21/slim"><record><leader>00372nam--2200145-i-4500</leader><controlfield tag="001">000043178</controlfield><controlfield tag="002">20161230</controlfield><controlfield tag="005">20161230201043</controlfield><controlfield tag="008">060222s1000------------r-----000-0-eng-d</controlfield><datafield ind1=" " ind2=" " tag="080"><subfield code="a">550.3</subfield></datafield><datafield ind1=" " ind2=" " tag="245"><subfield code="a">Stress in the earth</subfield></datafield><datafield ind1=" " ind2=" " tag="260"><subfield code="a">Basel, Birkhauser, 1977, 458p</subfield></datafield><datafield ind1=" " ind2=" " tag="490"><subfield code="a">Contributions To Current Research In Geophysics (Ccrg)</subfield></datafield><datafield ind1=" " ind2=" " tag="700"><subfield code="a">Wyss, Max</subfield></datafield><datafield ind1=" " ind2=" " tag="852"><subfield code="a">47962</subfield></datafield></record></collection>